References in BibTex format, applicable for LaTeX.
[Note: anything not inside a @xxx{} block is a comment.]

http://cs.lmu.edu/~ray/notes/javanetexamples/

@book{socketsHarold2013,
	author    = "Elliotte Harold",
	title     = "Java Network Programming",
	year      = 2013,
	publisher = "O'Reilly Media Inc.",
	pages     = "270--1132"
}

@book{socketsDeitel2002,
	author    = "Harvey Deitel and Paul Deitel",
	title     = "Java: How to Program",
	year      = 2002,
	publisher = "Pearson",
	pages     = "1117--1132"
}
