@misc{arc,
	author       = {Graham, Paul},
	title        = {Why Arc Isn't Especially Object-Oriented},
	journal      = {Paul Graham},
	type         = {Blog},
	year         = {2006},
	howpublished = {\url{http://www.paulgraham.com/noop.html}}
}

@book{Abadi:1996:TO:547964,
	author = {Abadi, Martin and Cardelli, Luca},
	title = {A  Theory of Objects},
	year = {1996},
	isbn = {0387947752},
	edition = {1st},
	publisher = {Springer-Verlag New York, Inc.},
	address = {Secaucus, NJ, USA},
}

@article{Cardelli:1996:BEP:242224.242415,
	author = {Cardelli, L.},
	title = {Bad Engineering Properties of Object-orient Languages},
	journal = {ACM Comput. Surv.},
	issue_date = {Dec. 1996},
	volume = {28},
	number = {4es},
	month = dec,
	year = {1996},
	issn = {0360-0300},
	articleno = {150},
	url = {http://doi.acm.org/10.1145/242224.242415},
	doi = {10.1145/242224.242415},
	acmid = {242415},
	publisher = {ACM},
	address = {New York, NY, USA},
}

@misc{amblerscott,
	author       = {Ambler, Scott},
	title        = {A Realistic Look at Object-Oriented Reuse},
	journal      = {drdobbs},
	type         = {Blog},
	number       = {1 January},
	year         = {1998},
	howpublished = {\url{http://www.drdobbs.com}}
}

@misc{oed,
	author       = "Oxford Dictionaries",
	journal      = "Oxford Dictionaries",
	publisher    = "Oxford University Press",
	howpublished = {\url{(http://www.oxforddictionaries.com)}},
	number       = "1 December",
	year         = {2013}
}
